@Misc{noauthor_word_nodate,
  Title = {word processor plugin manual installation [{Zotero} {Documentation}]},
  Url = {https://www.zotero.org/support/word_processor_plugin_manual_installation},
  Urldate = {2020-06-29},
  File = {word processor plugin manual installation [Zotero Documentation]:C\:\\Users\\fl-al\\Zotero\\storage\\TFRMAT49\\word_processor_plugin_manual_installation.html:text/html}
}


@Misc{srchttpssecuregravatarcomavatars96_10_nodate,
  Author = {Src="https://Secure.gravatar.com/Avatar/?s=96, {\textless}img Class="avatar" and {d=mm} and Miller, r=g"{\textgreater}Luke},
  Journal = {The Family Handyman},
  Note = {Library Catalog: www.familyhandyman.com},
  Title = {10 {Best} {Plants} for a {Rain} {Garden},
  Url = {https://www.familyhandyman.com/list/10-best-plants-for-a-rain-garden/},
  Urldate = {2020-06-29},
  File = {Snapshot:C\:\\Users\\fl-al\\Zotero\\storage\\ZJ6ZFUBL\\10-best-plants-for-a-rain-garden.html:text/html},
  Abstract = {When you plant a rain garden, you help the environment, filtering runoff and protecting groundwater. You can also have a beautiful garden!},
  Language = {en-US}
}


@Article{noauthor_integratives_nodate,
  Pages = {81},
  Title = {Integratives {Regenwassermanagement}: {Beispielsammlung},
  File = {Integratives Regenwassermanagement Beispielsammlu.pdf:C\:\\Users\\fl-al\\Zotero\\storage\\7E2TRF58\\Integratives Regenwassermanagement Beispielsammlu.pdf:application/pdf},
  Language = {de}
}


@Misc{michael_probst_stuckmann_zinco_gmbh_zinco_nodate,
  Author = {Michael Probst Stuckmann, ZinCo GmbH},
  Note = {Archive Location: world},
  Title = {ZinCo} {Dachbegr√ºnungs}-{Systeme},
  Url = {https://www.zinco.de/node/343},
  Urldate = {2020-06-29},
  File = {Snapshot:C\:\\Users\\fl-al\\Zotero\\storage\\YHRTJ6NX\\343.html:text/html},
  Abstract = {Vegetationssubstrat f√ºr Intensivbegr√ºnungen in mehrschichtiger Bauweise auf D√§chern und Tiefgaragen.},
  Language = {de},
  Copyright = {all rights preserved}
}


@Misc{bob_bray_dusty_gedge_gary_grant__lani_leuthvilay_uk_nodate,
  Author = {Bob Bray, Dusty Gedge, Gary Grant \& Lani Leuthvilay},
  Journal = {UK Rain Gardens Guide},
  Note = {Library Catalog: raingardens.info},
  Title = {The {UK} {Rain} {Gardens} {Guide}, managing water in our towns and cities},
  Url = {https://raingardens.info/},
  Urldate = {2020-06-29},
  File = {Snapshot:C\:\\Users\\fl-al\\Zotero\\storage\\AWTZY2C4\\raingardens.info.html:text/html},
  Abstract = {Rain gardens offer the opportunity to citizens to work with nature and participate in the way we manage water in our towns and cities.},
  Language = {en-US}
}


@Article{uhl_wasser_2017,
  Author = {Uhl, Mathias and Wietb√ºscher, Maike},
  Pages = {6},
  Title = {Wasser im neuen {Wohnquartier} {Oxford} {Kaserne} in {M√ºnster},
  Year = {2017},
  File = {Uhl und Wietb√ºscher - 2017 - Wasser im neuen Wohnquartier Oxford Kaserne in M√ºn.pdf:C\:\\Users\\fl-al\\Zotero\\storage\\EBJTATPY\\Uhl und Wietb√ºscher - 2017 - Wasser im neuen Wohnquartier Oxford Kaserne in M√ºn.pdf:application/pdf},
  Language = {de}
}


@Article{studio_schultz_granberg_hafner_jimenez_betcke_jarosch_poserplan_stadtplanung_zimmermann_bauabschnitt_nodate,
  Author = {Studio Schultz Granberg, h√§fner jim√©nez betcke jarosch, Poserplan, Stadtplanung Zimmermann},
  Pages = {60},
  Title = {Bauabschnitt {V}+{VI} ‚Ä¢ {Limburg} den 09. {Dezember} 2019},
  File = {Blumenrod - Bauabschnitt V+VI ‚Ä¢ Limburg den 09. Dezember 2019.pdf:C\:\\Users\\fl-al\\Zotero\\storage\\7HH3XYY5\\Blumenrod - Bauabschnitt V+VI ‚Ä¢ Limburg den 09. Dezember 2019.pdf:application/pdf},
  Language = {de}
}


@Book{klein_limburg_2012,
  Author = {Klein, Holger A.},
  Month = {feb},
  Publisher = {Oxford University Press},
  Title = {Limburg an der {Lahn},
  Volume = {1},
  Year = {2012},
  Url = {http://www.oxfordartonline.com/groveart/view/10.1093/gao/9781884446054.001.0001/oao-9781884446054-e-7002216977},
  Urldate = {2020-06-29},
  File = {Klein - 2012 - Limburg an der Lahn.pdf:C\:\\Users\\fl-al\\Zotero\\storage\\CZ5XV28T\\Klein - 2012 - Limburg an der Lahn.pdf:application/pdf},
  Language = {de},
  Doi = {10.1093/gao/9781884446054.article.T2216977}
}


@Misc{noauthor_entwasserung_nodate,
  Journal = {Paul Bauder GmbH \& Co. KG},
  Note = {Library Catalog: www.bauder.de},
  Title = {Entw√§sserung},
  Url = {https://www.bauder.de/de/service/cad-details/details-dachbegruenung/entwaesserung.html},
  Urldate = {2020-06-29},
  File = {Snapshot:C\:\\Users\\fl-al\\Zotero\\storage\\P3LEGFUR\\entwaesserung.html:text/html},
  Abstract = {Hier finden Sie ausgew√§hlte Flachdach-Details¬ √ºber Gr√ºndach-Entw√§sserungen f√ºr Ihre CAD-Anwendungen als PDF, DWG und DXF zum Download.},
  Language = {de}
}


@Misc{noauthor_bauder_nodate,
  Journal = {Paul Bauder GmbH \& Co. KG},
  Note = {Library Catalog: www.bauder.de},
  Title = {Bauder {Deutschland},
  Url = {https://www.bauder.de/de/bauder-deutschland.html},
  Urldate = {2020-06-29},
  File = {Snapshot:C\:\\Users\\fl-al\\Zotero\\storage\\W3FDJBW6\\bauder-deutschland.html:text/html},
  Abstract = {Flachd√§cher und Steild√§cher, Dachbegr√ºnung und Photovoltaik. Bauder - Europas f√ºhrender Hersteller von Dachsystemen.},
  Language = {de}
}


@Book{deutsche_vereinigung_fur_wasserwirtschaft_abwasser_und_abfall_grundsatze_2016,
  Address = {Hennef},
  Edition = {Entwurf Oktober 2016},
  Editor = {Deutsche Vereinigung f√ºr Wasserwirtschaft, Abwasser und Abfall and Bund der Ingenieure f√ºr Wasserwirtschaft, Abfallwirtschaft und Kulturbau},
  Note = {OCLC: 961182408},
  Number = {A 102},
  Publisher = {Deutsche Vereinigung f√ºr Wasserwirtschaft, Abwasser und Abfall},
  Series = {DWA}-{Regelwerk},
  Title = {Grunds√§tze zur {Bewirtschaftung} und {Behandlung} von {Regenwetterabfl√ºssen} zur {Einleitung} in {Oberfl√§chengew√§sser},
  Year = {2016},
  File = {Deutsche Vereinigung f√ºr Wasserwirtschaft, Abwasser und Abfall und Bund der Ingenieure f√ºr Wasserwirtschaft, Abfallwirtschaft und Kulturbau - 2016 - Grunds√§tze zur Bewirtschaftung und Behandlung von .PDF:C\:\\Users\\fl-al\\Zotero\\storage\\ERLVL9CU\\Deutsche Vereinigung f√ºr Wasserwirtschaft, Abwasser und Abfall und Bund der Ingenieure f√ºr Wasserwirtschaft, Abfallwirtschaft und Kulturbau - 2016 - Grunds√§tze zur Bewirtschaftung und Behandlung von .PDF:application/pdf},
  Language = {de},
  Isbn = {978-3-88721-383-1 978-3-88721-384-8}
}


@Book{deutsche_vereinigung_fur_wasserwirtschaft_abwasser_und_abfall_leitlinien_2006,
  Address = {Hennef (Sieg)},
  Edition = {Dezember 2006},
  Editor = {Deutsche Vereinigung f√ºr Wasserwirtschaft, Abwasser und Abfall},
  Note = {OCLC: 315519663},
  Number = {A 100},
  Publisher = {DWA},
  Series = {DWA}-{Regelwerk} {Arbeitsblatt},
  Title = {Leitlinien der integralen {Siedlungsentw√§sserung} ({ISiE})},
  Year = {2006},
  File = {Deutsche Vereinigung f√ºr Wasserwirtschaft, Abwasser und Abfall - 2006 - Leitlinien der integralen Siedlungsentw√§sserung (I.pdf:C\:\\Users\\fl-al\\Zotero\\storage\\425JW6NG\\Deutsche Vereinigung f√ºr Wasserwirtschaft, Abwasser und Abfall - 2006 - Leitlinien der integralen Siedlungsentw√§sserung (I.pdf:application/pdf},
  Language = {de},
  Isbn = {978-3-939057-70-3}
}


@Misc{melbourne_water_ingroundpdf_nodate,
  Author = {Melbourne Water},
  Title = {INGROUND}.pdf},
  Url = {https://www.google.com/url?sa=t&rct=j&q=&esrc=s&source=web&cd=&cad=rja&uact=8&ved=2ahUKEwiM7-WCgarqAhUtsaQKHZNzC4IQFjAAegQIBRAB&url=https%3A%2F%2Fwww.melbournewater.com.au%2Fmedia%2F447%2Fdownload&usg=AOvVaw3VTXkCDtWLcDHs1V7omFUC},
  File = {INGROUND.pdf:C\:\\Users\\fl-al\\Zotero\\storage\\3N6L6358\\INGROUND.pdf:application/pdf}
}


@Book{astrid_zimmermann_hrsg_landschaft_2015,
  Address = {Berlin},
  Author = {Astrid Zimmermann (HRSG.)},
  Edition = {3},
  Publisher = {Birkh√§user},
  Title = {Landschaft {Konstruieren}, {Materialien}, {Techniken}, {Bauelemente},
  Year = {2015},
  Isbn = {978-3-0356-0462-7}
}


@Misc{kreisstadt_limburg_an_der_lahn_auslobungoffener_2018,
  Author = {Kreisstadt Limburg an der Lahn},
  Month = {sep},
  Title = {AuslobungOffener} einphasigerst√§dtebaulicher und freiraumplanerischer {Realisierungswettbewerb} ‚Äû{Blumenrod}‚Äú},
  Year = {2018},
  File = {01 LIM Blumenrod Auslobung End small.pdf:C\:\\Users\\fl-al\\Zotero\\storage\\EKQFEWD7\\01 LIM Blumenrod Auslobung End small.pdf:application/pdf}
}


@Misc{noauthor_wsud_book_10pdf_nodate,
  Title = {WSUD}\_BOOK\_1.0.pdf},
  File = {WSUD_BOOK_1.0.pdf:C\:\\Users\\fl-al\\Zotero\\storage\\4JM49DRL\\WSUD_BOOK_1.0.pdf:application/pdf}
}


@Misc{crc_for_water_sensitive_cities_australian_government_designing_2020,
  Author = {CRC for Water Sensitive Cities, Australian Government},
  Month = {apr},
  Title = {Designing for  a cool city, {Guidelines} for passively irrigated landscapes},
  Year = {2020},
  File = {200427_V13_CRC-DesigningForACoolCity.pdf:C\:\\Users\\fl-al\\Zotero\\storage\\PPFFJBHT\\200427_V13_CRC-DesigningForACoolCity.pdf:application/pdf}
}


@Misc{bundesanstalt_fur_gewasserkunde_hydrologischer_nodate,
  Author = {Bundesanstalt f√ºr Gew√§sserkunde},
  Title = {Hydrologischer {Atlas} {Deutschland},
  Url = {https://geoportal.bafg.de/mapapps/resources/apps/HAD/index.html?lang=de},
  Urldate = {2020-06-30},
  File = {Hydrologischer Atlas Deutschland:C\:\\Users\\fl-al\\Zotero\\storage\\SYXJ4D5U\\index.html:text/html}
}


@Misc{noauthor_hydrologischer_nodate,
  Title = {Hydrologischer {Atlas} {Deutschland},
  Url = {https://geoportal.bafg.de/mapapps/resources/apps/HAD/index.html?lang=de},
  Urldate = {2020-06-30},
  File = {Hydrologischer Atlas Deutschland:C\:\\Users\\fl-al\\Zotero\\storage\\P4KELKPS\\index.html:text/html}
}


@Article{sollfrank_eidgenossischen_nodate,
  Author = {Sollfrank, Uwe},
  Pages = {5},
  Title = {EIDGEN√ñSSISCHEN} {TECHNISCHEN} {HOCHSCHULE} {Z√úRICH},
  File = {Sollfrank - EIDGEN√ñSSISCHEN TECHNISCHEN HOCHSCHULE Z√úRICH.pdf:C\:\\Users\\fl-al\\Zotero\\storage\\6SI48ESN\\Sollfrank - EIDGEN√ñSSISCHEN TECHNISCHEN HOCHSCHULE Z√úRICH.pdf:application/pdf}
}


@Article{krejci_gewasserbelastungen_nodate,
  Author = {Krejci, Vladimir and Frutiger, Andreas and Kreikenbaum, Simon and Rossi, Luca},
  Pages = {40},
  Title = {Gew√§sserbelastungen durch {Abwasser} aus {Kanalisationen} bei {Regenwetter},
  File = {Krejci et al. - Gew√§sserbelastungen durch Abwasser aus Kanalisatio.pdf:C\:\\Users\\fl-al\\Zotero\\storage\\LVRJNQS3\\Krejci et al. - Gew√§sserbelastungen durch Abwasser aus Kanalisatio.pdf:application/pdf}
}


@Article{friedrich_sulfidoxidation_nodate,
  Author = {Friedrich, M and Schmidt, M and K√ºver, J and Schulz, H H and Friedrich, Ingenieurb√ºro},
  Pages = {15},
  Title = {Sulfidoxidation in kommunalem {Abwasser},
  File = {Friedrich et al. - Sulfidoxidation in kommunalem Abwasser.pdf:C\:\\Users\\fl-al\\Zotero\\storage\\8MZX9WVJ\\Friedrich et al. - Sulfidoxidation in kommunalem Abwasser.pdf:application/pdf}
}
