
@misc{noauthor_word_nodate,
	title = {word processor plugin manual installation [{Zotero} {Documentation}]},
	url = {https://www.zotero.org/support/word_processor_plugin_manual_installation},
	urldate = {2020-06-29},
	file = {word processor plugin manual installation [Zotero Documentation]:C\:\\Users\\fl-al\\Zotero\\storage\\TFRMAT49\\word_processor_plugin_manual_installation.html:text/html}
}

@misc{srchttpssecuregravatarcomavatars96_10_nodate,
	title = {10 {Best} {Plants} for a {Rain} {Garden}},
	url = {https://www.familyhandyman.com/list/10-best-plants-for-a-rain-garden/},
	abstract = {When you plant a rain garden, you help the environment, filtering runoff and protecting groundwater. You can also have a beautiful garden!},
	language = {en-US},
	urldate = {2020-06-29},
	journal = {The Family Handyman},
	author = {Src="https://Secure.gravatar.com/Avatar/?s=96, {\textless}img Class="avatar" and {d=mm} and Miller, r=g"{\textgreater}Luke},
	note = {Library Catalog: www.familyhandyman.com
Section: Garden},
	file = {Snapshot:C\:\\Users\\fl-al\\Zotero\\storage\\ZJ6ZFUBL\\10-best-plants-for-a-rain-garden.html:text/html}
}

@article{noauthor_integratives_nodate,
	title = {Integratives {Regenwassermanagement}: {Beispielsammlung}},
	language = {de},
	pages = {81},
	file = {Integratives Regenwassermanagement Beispielsammlu.pdf:C\:\\Users\\fl-al\\Zotero\\storage\\7E2TRF58\\Integratives Regenwassermanagement Beispielsammlu.pdf:application/pdf}
}

@misc{michael_probst_stuckmann_zinco_gmbh_zinco_nodate,
	title = {{ZinCo} {Dachbegrünungs}-{Systeme}},
	copyright = {all rights preserved},
	url = {https://www.zinco.de/node/343},
	abstract = {Vegetationssubstrat für Intensivbegrünungen in mehrschichtiger Bauweise auf Dächern und Tiefgaragen.},
	language = {de},
	urldate = {2020-06-29},
	author = {{Michael Probst Stuckmann, ZinCo GmbH}},
	note = {Archive Location: world
Library Catalog: www.zinco.de
Publisher: ZinCo GmbH Nürtingen Germany},
	file = {Snapshot:C\:\\Users\\fl-al\\Zotero\\storage\\YHRTJ6NX\\343.html:text/html}
}

@misc{bob_bray_dusty_gedge_gary_grant__lani_leuthvilay_uk_nodate,
	title = {The {UK} {Rain} {Gardens} {Guide}, managing water in our towns and cities},
	url = {https://raingardens.info/},
	abstract = {Rain gardens offer the opportunity to citizens to work with nature and participate in the way we manage water in our towns and cities.},
	language = {en-US},
	urldate = {2020-06-29},
	journal = {UK Rain Gardens Guide},
	author = {{Bob Bray, Dusty Gedge, Gary Grant \& Lani Leuthvilay}},
	note = {Library Catalog: raingardens.info},
	file = {Snapshot:C\:\\Users\\fl-al\\Zotero\\storage\\AWTZY2C4\\raingardens.info.html:text/html}
}

@article{uhl_wasser_2017,
	title = {Wasser im neuen {Wohnquartier} {Oxford} {Kaserne} in {Münster}},
	language = {de},
	author = {Uhl, Mathias and Wietbüscher, Maike},
	year = {2017},
	pages = {6},
	file = {Uhl und Wietbüscher - 2017 - Wasser im neuen Wohnquartier Oxford Kaserne in Mün.pdf:C\:\\Users\\fl-al\\Zotero\\storage\\EBJTATPY\\Uhl und Wietbüscher - 2017 - Wasser im neuen Wohnquartier Oxford Kaserne in Mün.pdf:application/pdf}
}

@article{studio_schultz_granberg_hafner_jimenez_betcke_jarosch_poserplan_stadtplanung_zimmermann_bauabschnitt_nodate,
	title = {Bauabschnitt {V}+{VI} • {Limburg} den 09. {Dezember} 2019},
	language = {de},
	author = {{Studio Schultz Granberg, häfner jiménez betcke jarosch, Poserplan, Stadtplanung Zimmermann}},
	pages = {60},
	file = {Blumenrod - Bauabschnitt V+VI • Limburg den 09. Dezember 2019.pdf:C\:\\Users\\fl-al\\Zotero\\storage\\7HH3XYY5\\Blumenrod - Bauabschnitt V+VI • Limburg den 09. Dezember 2019.pdf:application/pdf}
}

@book{klein_limburg_2012,
	title = {Limburg an der {Lahn}},
	volume = {1},
	url = {http://www.oxfordartonline.com/groveart/view/10.1093/gao/9781884446054.001.0001/oao-9781884446054-e-7002216977},
	language = {de},
	urldate = {2020-06-29},
	publisher = {Oxford University Press},
	author = {Klein, Holger A.},
	month = feb,
	year = {2012},
	doi = {10.1093/gao/9781884446054.article.T2216977},
	file = {Klein - 2012 - Limburg an der Lahn.pdf:C\:\\Users\\fl-al\\Zotero\\storage\\CZ5XV28T\\Klein - 2012 - Limburg an der Lahn.pdf:application/pdf}
}

@misc{noauthor_entwasserung_nodate,
	title = {Entwässerung},
	url = {https://www.bauder.de/de/service/cad-details/details-dachbegruenung/entwaesserung.html},
	abstract = {Hier finden Sie ausgewählte Flachdach-Details über Gründach-Entwässerungen für Ihre CAD-Anwendungen als PDF, DWG und DXF zum Download.},
	language = {de},
	urldate = {2020-06-29},
	journal = {Paul Bauder GmbH \& Co. KG},
	note = {Library Catalog: www.bauder.de},
	file = {Snapshot:C\:\\Users\\fl-al\\Zotero\\storage\\P3LEGFUR\\entwaesserung.html:text/html}
}

@misc{noauthor_bauder_nodate,
	title = {Bauder {Deutschland}},
	url = {https://www.bauder.de/de/bauder-deutschland.html},
	abstract = {Flachdächer und Steildächer, Dachbegrünung und Photovoltaik. Bauder - Europas führender Hersteller von Dachsystemen.},
	language = {de},
	urldate = {2020-06-29},
	journal = {Paul Bauder GmbH \& Co. KG},
	note = {Library Catalog: www.bauder.de},
	file = {Snapshot:C\:\\Users\\fl-al\\Zotero\\storage\\W3FDJBW6\\bauder-deutschland.html:text/html}
}

@book{deutsche_vereinigung_fur_wasserwirtschaft_abwasser_und_abfall_grundsatze_2016,
	address = {Hennef},
	edition = {Entwurf Oktober 2016},
	series = {{DWA}-{Regelwerk}},
	title = {Grundsätze zur {Bewirtschaftung} und {Behandlung} von {Regenwetterabflüssen} zur {Einleitung} in {Oberflächengewässer}},
	isbn = {978-3-88721-383-1 978-3-88721-384-8},
	language = {de},
	number = {A 102},
	publisher = {Deutsche Vereinigung für Wasserwirtschaft, Abwasser und Abfall},
	editor = {Deutsche Vereinigung für Wasserwirtschaft, Abwasser und Abfall and Bund der Ingenieure für Wasserwirtschaft, Abfallwirtschaft und Kulturbau},
	year = {2016},
	note = {OCLC: 961182408},
	file = {Deutsche Vereinigung für Wasserwirtschaft, Abwasser und Abfall und Bund der Ingenieure für Wasserwirtschaft, Abfallwirtschaft und Kulturbau - 2016 - Grundsätze zur Bewirtschaftung und Behandlung von .PDF:C\:\\Users\\fl-al\\Zotero\\storage\\ERLVL9CU\\Deutsche Vereinigung für Wasserwirtschaft, Abwasser und Abfall und Bund der Ingenieure für Wasserwirtschaft, Abfallwirtschaft und Kulturbau - 2016 - Grundsätze zur Bewirtschaftung und Behandlung von .PDF:application/pdf}
}

@book{deutsche_vereinigung_fur_wasserwirtschaft_abwasser_und_abfall_leitlinien_2006,
	address = {Hennef (Sieg)},
	edition = {Dezember 2006},
	series = {{DWA}-{Regelwerk} {Arbeitsblatt}},
	title = {Leitlinien der integralen {Siedlungsentwässerung} ({ISiE})},
	isbn = {978-3-939057-70-3},
	language = {de},
	number = {A 100},
	publisher = {DWA},
	editor = {Deutsche Vereinigung für Wasserwirtschaft, Abwasser und Abfall},
	year = {2006},
	note = {OCLC: 315519663},
	file = {Deutsche Vereinigung für Wasserwirtschaft, Abwasser und Abfall - 2006 - Leitlinien der integralen Siedlungsentwässerung (I.pdf:C\:\\Users\\fl-al\\Zotero\\storage\\425JW6NG\\Deutsche Vereinigung für Wasserwirtschaft, Abwasser und Abfall - 2006 - Leitlinien der integralen Siedlungsentwässerung (I.pdf:application/pdf}
}

@misc{melbourne_water_ingroundpdf_nodate,
	title = {{INGROUND}.pdf},
	url = {https://www.google.com/url?sa=t&rct=j&q=&esrc=s&source=web&cd=&cad=rja&uact=8&ved=2ahUKEwiM7-WCgarqAhUtsaQKHZNzC4IQFjAAegQIBRAB&url=https%3A%2F%2Fwww.melbournewater.com.au%2Fmedia%2F447%2Fdownload&usg=AOvVaw3VTXkCDtWLcDHs1V7omFUC},
	author = {Melbourne Water},
	file = {INGROUND.pdf:C\:\\Users\\fl-al\\Zotero\\storage\\3N6L6358\\INGROUND.pdf:application/pdf}
}

@book{astrid_zimmermann_hrsg_landschaft_2015,
	address = {Berlin},
	edition = {3},
	title = {Landschaft {Konstruieren}, {Materialien}, {Techniken}, {Bauelemente}},
	isbn = {978-3-0356-0462-7},
	publisher = {Birkhäuser},
	author = {{Astrid Zimmermann (HRSG.)}},
	year = {2015}
}

@misc{kreisstadt_limburg_an_der_lahn_auslobungoffener_2018,
	title = {{AuslobungOffener} einphasigerstädtebaulicher und freiraumplanerischer {Realisierungswettbewerb} „{Blumenrod}“},
	author = {{Kreisstadt Limburg an der Lahn}},
	month = sep,
	year = {2018},
	file = {01 LIM Blumenrod Auslobung End small.pdf:C\:\\Users\\fl-al\\Zotero\\storage\\EKQFEWD7\\01 LIM Blumenrod Auslobung End small.pdf:application/pdf}
}

@misc{noauthor_wsud_book_10pdf_nodate,
	title = {{WSUD}\_BOOK\_1.0.pdf},
	file = {WSUD_BOOK_1.0.pdf:C\:\\Users\\fl-al\\Zotero\\storage\\4JM49DRL\\WSUD_BOOK_1.0.pdf:application/pdf}
}

@misc{crc_for_water_sensitive_cities_australian_government_designing_2020,
	title = {Designing for  a cool city, {Guidelines} for passively irrigated landscapes},
	author = {{CRC for Water Sensitive Cities, Australian Government}},
	month = apr,
	year = {2020},
	file = {200427_V13_CRC-DesigningForACoolCity.pdf:C\:\\Users\\fl-al\\Zotero\\storage\\PPFFJBHT\\200427_V13_CRC-DesigningForACoolCity.pdf:application/pdf}
}

@misc{bundesanstalt_fur_gewasserkunde_hydrologischer_nodate,
	title = {Hydrologischer {Atlas} {Deutschland}},
	url = {https://geoportal.bafg.de/mapapps/resources/apps/HAD/index.html?lang=de},
	urldate = {2020-06-30},
	author = {{Bundesanstalt für Gewässerkunde}},
	file = {Hydrologischer Atlas Deutschland:C\:\\Users\\fl-al\\Zotero\\storage\\SYXJ4D5U\\index.html:text/html}
}

@misc{noauthor_hydrologischer_nodate,
	title = {Hydrologischer {Atlas} {Deutschland}},
	url = {https://geoportal.bafg.de/mapapps/resources/apps/HAD/index.html?lang=de},
	urldate = {2020-06-30},
	file = {Hydrologischer Atlas Deutschland:C\:\\Users\\fl-al\\Zotero\\storage\\P4KELKPS\\index.html:text/html}
}
