
@article{sollfrank_eidgenossischen_nodate,
	title = {{EIDGENÖSSISCHEN} {TECHNISCHEN} {HOCHSCHULE} {ZÜRICH}},
	author = {Sollfrank, Uwe},
	pages = {5},
	file = {Sollfrank - EIDGENÖSSISCHEN TECHNISCHEN HOCHSCHULE ZÜRICH.pdf:C\:\\Users\\fl-al\\Zotero\\storage\\6SI48ESN\\Sollfrank - EIDGENÖSSISCHEN TECHNISCHEN HOCHSCHULE ZÜRICH.pdf:application/pdf}
}

@article{krejci_gewasserbelastungen_nodate,
	title = {Gewässerbelastungen durch {Abwasser} aus {Kanalisationen} bei {Regenwetter}},
	author = {Krejci, Vladimir and Frutiger, Andreas and Kreikenbaum, Simon and Rossi, Luca},
	pages = {40},
	file = {Krejci et al. - Gewässerbelastungen durch Abwasser aus Kanalisatio.pdf:C\:\\Users\\fl-al\\Zotero\\storage\\LVRJNQS3\\Krejci et al. - Gewässerbelastungen durch Abwasser aus Kanalisatio.pdf:application/pdf}
}

@article{friedrich_sulfidoxidation_nodate,
	title = {Sulfidoxidation in kommunalem {Abwasser}},
	author = {Friedrich, M and Schmidt, M and Küver, J and Schulz, H H and Friedrich, Ingenieurbüro},
	pages = {15},
	file = {Friedrich et al. - Sulfidoxidation in kommunalem Abwasser.pdf:C\:\\Users\\fl-al\\Zotero\\storage\\8MZX9WVJ\\Friedrich et al. - Sulfidoxidation in kommunalem Abwasser.pdf:application/pdf}
}
